%! Author = Jonathan
%! Date = 2022-09-26

@www{MyTherapy,
    author = {Smartpatient},
    title = {MyTherapy App},
    url = {www.mytherapyapp.com},
    note = {"Your personal pill reminder and medication tracker app"},

}

@www{BiPolUK,
    author = {Bipolar UK},
    title = {Bipolar UK’s Mood Tracker app},
    url = {https://www.bipolaruk.org/blog/track-your-mood-app},
    note = {"Our new Mood Tracker app can make it much easier to record your daily mood, medications, emotions and how much sleep you’ve had"},


},
}